
@misc{bib01:BA:Online,
	author = {none},
	title = {Representación gráfica de funciones y datos},
	year = {2018},
	howpublished = {Recuperado de: {http://www.iac.es/sieinvens/python-course/source/matplotlib.html},
	note = {Accedido 05-07-2019}
}

@misc{bib02:BA:Online,
	author = {none},
	title = {Sistema de recomendación},
	year = {2019},
	howpublished = {http://blog.findemor.es/2018/02/sistemas-de-recomendacion-en-python/},
	note = {Accedido 05-07-2019}
}

@misc{bib03:BA:Online,
	author = {Juan Ignacio Bagnato},
	title = {¿Machine Learning en la Nube? Google Colaboratory con GPU!},
	year = {2019},
	howpublished = {https://www.aprendemachinelearning.com/machine-learning-en-la-nube-google-colaboratory-con-gpu/},
	note = {Accedido 05-07-2019}
}










